% This file was created with JabRef 2.5.
% Encoding: Cp1252
@book{alexander1977pattern,
  title={{A} {P}attern {L}anguage: {T}owns, {B}uildings, {C}onstruction},
  author={Alexander, Christopher and Ishikawa, Sara and Silverstein, Murray},
  year={1977},
  series={Center for Environmental Structure Series},
  publisher={Oxford University Press},
  address={Oxford}
}

@article{corneli2013roadmaps,
  title={Roadmaps in Peer Learning},
  author={Corneli, Joseph and Danoff, Charles Jeffrey and Terzi, Fabrizio and Pierce, Charlotte and Graves, John and Barondeau, R{\'e}gis},
  journal={MeTis},
  year={2013},
  volume={III},
  number={1},
  url={http://www.metis.progedit.com/anno-iii-numero-1-giugno-2013-formare-tra-scienza-tecnica-tecnologia-temi/99-saggi/490-roadmaps-in-peer-learning.html}
}

@article{coases-penguin,
	author = {Benkler, Y.},
	title = {{C}oase's {P}enguin, or {L}inux and the {N}ature of the {F}irm},
	journal = {Yale Law Journal},
	volume = {112},
	pages = {369},
	year = {2002}
}

@article{alexander1999origins,
  title={The origins of pattern theory: The future of the theory, and the generation of a living world},
  author={Alexander, Christopher},
  journal={Software, IEEE},
  volume={16},
  number={5},
  pages={71--82},
  year={1999},
  publisher={IEEE}
}

@book{schuler2008liberating,
  title={Liberating voices: A pattern language for communication revolution},
  author={Schuler, Douglas},
  year={2008},
  publisher={MIT Press},
  address={Cambridge, MA}
}

@book{bergin2012pedagogical,
  title={Pedagogical patterns: Advice for educators},
  author={Bergin, Joseph and Eckstein, Jutta and Volter, Markus and Sipos, Marianna and Wallingford, Eugene and Marquardt, Klaus and Chandler, Jane and Sharp, Helen and Manns, Mary Lynn},
  year={2012},
  publisher={Joseph Bergin Software Tools},
  address={New York}
}

@phdthesis{corneli-thesis,
 title = {Peer produced peer learning: {A} mathematics case study},
 school = {The Open University},
 author = {Corneli, Joseph},
 year = {2014},
 url={http://oro.open.ac.uk/40775/},
}

@phdthesis{mako-thesis,
 title = {Essays on {V}olunteer {M}obilization in {P}eer {P}roduction},
 school = {Massachusetts Institute of Technology},
 author = {Hill, Benjamin Mako},
 year = {2013},
 url={http://dspace.mit.edu/handle/1721.1/86240},
}

@book{peeragogy-handbook,
 title={The {P}eeragogy {H}andbook},
 author={H. Rheingold and others},
 year={2015},
 edition={3\textsuperscript{rd}},
 address={Chicago, IL./Somerville, MA.},
 publisher={PubDomEd/Pierce Press},
 url={http://peeragogy.org},
}

@misc{howard-rheingold-lecture,
  title={Social Media and Peer Learning: From Mediated Pedagogy to Peeragogy},
  author={Howard Rheingold},
  day={23},
  month={January},
  year={2012},
  note={UCâ€™s Regents Lecture, January 23, 2012.  Video retrieved from \url{http://bcnm.berkeley.edu/index.php/regents-lecture-howard-rheingold-social-media-and-peer-learning-from-mediated-pedagogy-to-peeragogy-jan-23/}}}

@book{alexander1964notes,
  title={Notes on the {S}ynthesis of {F}orm},
  author={Alexander, Christopher},
  year={1964},
  publisher={Harvard University Press},
  address={Cambridge, MA}
}

@inproceedings{building-peeragogy-accelerator,
  title={Building the {P}eeragogy {A}ccelerator},
  author={Corneli, Joseph and Marciniak, Dorota and Danoff, Charles Jeffrey and Pierce, Charlotte and Ricaurte, Paola and Herder, Jan and Burroughs, Suz and Brett, George and Graves, John},
  booktitle={Proceedings of {O}{E}{R}14: building communities of open practice},
  editor={Quentin-Baxter, Megan},
  year={2014},
  url={http://metameso.org/~joe/docs/Building_the_Peeragogy_Accelerator.pdf}
}

@book{deleuze2006nietzsche,
  title={Nietzsche and philosophy},
  author={Deleuze, Gilles},
  year={2006},
  publisher={Columbia University Press},
  address={New York}
}

@book{hughes2009deleuze,
  title={Deleuze's {``}Difference and Repetition{''}: A reader's guide},
  author={Hughes, Joe},
  year={2009},
  publisher={Continuum},
  address={London}
}

@inproceedings{kohls2010structure,
  title={The structure of patterns},
  author={Kohls, Christian},
  booktitle={{P}roceedings of the 17th {C}onference on {P}attern {L}anguages of {P}rograms},
  pages={12},
  year={2010},
  organization={ACM}
}

%  address={New York},
%  publisher={Association for Computing Machinery}

@inproceedings{kohls2011structure,
  title={The structure of patterns: part {II}--qualities},
  author={Kohls, Christian},
  booktitle={{P}roceedings of the 18th {C}onference on {P}attern {L}anguages of {P}rograms},
  pages={27},
  year={2011},
  organization={ACM}
}

%  address={New York},
%  publisher={Association for Computing Machinery}

@book{deleuze1994difference,
  title={Difference and repetition},
  author={Deleuze, Gilles},
  year={2004},
  address={London},
  publisher={Bloomsbury Academic}
}

@incollection{benkler2015peer-alt,
  title={Peer production: a modality of collective intelligence},
  author={Benkler, Yochai and Shaw, Aaron and Hill, Benjamin Mako},
  editor={Bauer, J. M. and Latzer, M.},
  booktitle={{H}andbook on the {E}conomics of the {I}nternet},
  place={Cheltenham, UK and Northampton, MA},
  publisher={Edward Elgar Publishing Limited},
  year={2015},
  note={To appear.}
}

@incollection{benkler2015peer,
  title={Peer production: a modality of collective intelligence},
  author={Benkler, Yochai and Shaw, Aaron and Hill, Benjamin Mako},
  editor={Malone, Thomas W. and Bernstein, Michael S.},
  booktitle={The {C}ollective {I}ntelligence {H}andbook},
  place={Cambridge, MA},
  publisher={MIT Press},
  year={2015},
  note={To appear.}
}

@article{meszaros1998pattern,
	Author = {Meszaros, Gerard and Doble, Jim},
	Journal = {Pattern languages of program design},
	Pages = {529--574},
	Title = {A pattern language for pattern writing},
	Volume = {3},
	Year = {1998}}

@book{raymond2001cathedral,
  title={The {C}athedral \& the {B}azaar: {M}usings on {L}inux and open source by an accidental revolutionary},
  author={Raymond, Eric S},
  year={2001},
  publisher={O{'}Reilly Media, Inc.}
}

@book{anderson2009free,
  title={Free: The future of a radical price},
  author={Anderson, Chris},
  year={2009},
  publisher={Random House}
}

@journal{torvalds-interview,
author={Torvalds, Linus and Vaughan-Nichols, Steven},
year={2011},
title={Linus {T}orvalds's {L}essons on {S}oftware {D}evelopment {M}anagement},
journal={Input Output},
publisher={Hewlett Packard},
url={http://web.archive.org/web/20131021211847/http://h30565.www3.hp.com/t5/Feature-Articles/Linus-Torvalds-s-Lessons-on-Software-Development-Management/ba-p/440}}

@incollection{minsky1967programming,
  title={Why programming is a good medium for expressing poorly understood and sloppily formulated ideas},
  author={Minsky, Marvin},
  booktitle={{D}esign and {P}lanning {II}-{C}omputers in {D}esign and {C}ommunication},
  series={Visual Commitee Books},
  editors={Krampen, Martin and Seitz, Peter},
  pages={120--125},
  year={1967}
}

@incollection{poetry-workshop,
  title={{C}omputational {P}oetry {W}orkshop: {M}aking {S}ense of {W}ork in {P}rogress},
  author={J. Corneli and A. Jordanous and R. Shepperd and M. T. Llano and J. Misztal and S. Colton and C. Guckelsberger},
  booktitle={Proceedings of the Sixth International Conference on Computational Creativity, ICCC 2015},
  editor={Simon Colton and Hannu Toivonen and Michael Cook and Dan Ventura},
  url={http://metameso.org/~joe/docs/poetryICCC-wip.pdf},
  year={2015}
}

@article{ostrom2010revising,
  title={Revising theory in light of experimental findings},
  author={Ostrom, Elinor},
  journal={Journal of Economic Behavior \& Organization},
  volume={73},
  number={1},
  pages={68--72},
  year={2010},
  publisher={Elsevier}
}

@book{david2001software,
  title={Software architecture: Organizational Principles and Patterns},
  author={Dikel, David M. and Kane, David and Wilson, James R.},
  year={2001},
  publisher={Pearson Education}
}

@book{gabriel2002writer,
  title={{W}riter's {W}orkshops and the {W}ork of {M}aking {T}hings: {P}atterns, {P}oetry...},
  author={Gabriel, Richard P},
  year={2002},
  publisher={Addison-Wesley Longman Publishing Co., Inc.}
}

@book{catmull2014creativity,
  title={Creativity, {I}nc: {O}vercoming the unseen forces that stand in the way of true inspiration},
  author={Catmull, Ed and Wallace, Amy},
  year={2014},
  publisher={Random House}
}

@article{boud2005peer,
  title={`{P}eer learning' as pedagogic discourse for research education},
  author={Boud, D. and Lee, A.},
  journal={Studies in Higher Education},
  volume={30},
  number={5},
  pages={501--516},
  year={2005},
  publisher={Taylor \& Francis}
}

@misc{free-software-better,
title={When {F}ree {S}oftware {I}sn't ({P}ractically) {B}etter},
author={Hill, Benjamin Mako},
url={http://www.gnu.org/philosophy/when_free_software_isnt_practically_better.html},
note={Published on gnu.org.  Licensed via CC-By-SA},
year={2011},
}

@inproceedings{schummer2014beyond,
  title={Beyond rational design patterns},
  author={Sch{\"u}mmer, Till and Haake, Joerg M and Stark, Wolfgang},
  booktitle={Proceedings of the 19th European Conference on Pattern Languages of Programs},
  pages={13 pp.},
  year={2014},
  organization={ACM}
}

@misc{who-writes-wikipedia,
title={Who {W}rites {W}ikipedia?},
author={Swartz, Aaron},
url={http://www.aaronsw.com/weblog/whowriteswikipedia},
note={Published on aaronsw.com.},
year={2006},
}

@misc{almost-wikipedia,
  title={{A}lmost {W}ikipedia: {W}hat {E}ight {C}ollaborative {E}ncyclopedia {P}rojects {R}eveal {A}bout {M}echanisms of {C}ollective {A}ction},
  author={Benjamin Mako Hill},
  year={2011},
  note={Lecture given Tuesday, October 11, 2011, 12:30 pm, Berkman Center, Harvard University},
}

@article{schmidt+commons-based+2009,
	title = {{Commons-Based} {P}eer {P}roduction and education},
	url = {http://cyber.law.harvard.edu/fcrw/sites/fcrw/images/Schmidt_Education_FreeCulture_25Oct2009.pdf},
	journal = {Free Culture Research Workshop, Harvard University},
	author = {Schmidt, J. P.},
	year = {2009},
        pages={3 pp.},
}

@book{curti1949university,
  title={The {U}niversity of {W}isconsin, a history: 1848-1925},
  author={Curti, Merle and Curti, Merle Eugene and Carstensen, Vernon Rosco and Cronon, Edmund David and Jenkins, John William},
  year={1949},
  publisher={Univ.~of Wisconsin Press}
}

@book{sloterdijk2013change,
  title={You {M}ust {C}hange {Y}our {L}ife},
  author={Sloterdijk, P.},
  publisher={Polity Press},
  year={2013}
}

@article{garrison2013toward,
  title={Toward the development of a metacognition construct for communities of inquiry},
  author={Garrison, D Randy and Akyol, Zehra},
  journal={The Internet and Higher Education},
  volume={17},
  pages={84--89},
  year={2013},
  publisher={Elsevier}
}

@book{seikkula2006dialogical,
  title={Dialogical meetings in social networks},
  author={Seikkula, Jaakko and Arnkil, Tom Erik},
  year={2006},
  publisher={Karnac Books}
}

@book{rabelais1894gargantua,
  title={Gargantua and Pantagruel},
  author={Rabelais, Fran{\c{c}}ois},
  year={1894},
  publisher={Moray Press}
}

@article{holloway2007analyzing,
  title={Analyzing and visualizing the semantic coverage of {W}ikipedia and its authors},
  author={Holloway, Todd and Bozicevic, Miran and B{\"o}rner, Katy},
  journal={Complexity},
  volume={12},
  number={3},
  pages={30--40},
  year={2007},
  publisher={Wiley Online Library}
}

@book{wikimedia2011plan,
  title={Wikimedia {S}tategic {P}lan: {A} collaborative vision for the movement through 2015},
  author={Kim, Eugene Eric and others},
  year={2011},
  publisher={Wikimedia Foundation}
}

@article{FM4291,
	author = {Joseph Reagle},
	title = {{``}{F}ree as in sexist?{''} {F}ree culture and the gender gap},
	journal = {First Monday},
	volume = {18},
	number = {1},
	year = {2012},
	keywords = {Gender, Free Culture, FLOSS, Linux, Ubuntu, Wikipedia},
	abstract = {Despite the values of freedom and openness, the free culture movementâ€™s gender balance is as skewed (or more so) as that of the computing culture from which it arose. Based on the collection and analysis of discourse on gender and sexism within this movement over a sixâ€“year period, I suggest three possible causes: (a) some geek identities can be narrow and unappealing; (b) open communities are especially susceptible to difficult people; and, (c) the ideas of freedom and openness can be used to dismiss concerns and rationalize the gender gap as a matter of preference and choice.},
	issn = {13960466},
        url = {http://firstmonday.org/ojs/index.php/fm/article/view/4291}
}

@techreport{gender,
   title={{F}ree/{L}ibre and {O}pen {S}ource {S}oftware: {S}urvey and {S}tudy},
   author = {Rishab A. Ghosh and Ruediger Glott and Bernhard Krieger and Gregorio Robles},
   year = {2002},
   institution = {International Institute of Infonomics, University of Maastricht},
   number = {D18}}

@article{graham2014uneven,
  title={Uneven geographies of user-generated information: patterns of increasing informational poverty},
  author={Graham, Mark and Hogan, Bernie and Straumann, Ralph K and Medhat, Ahmed},
  journal={Annals of the Association of American Geographers},
  volume={104},
  number={4},
  pages={746--764},
  year={2014},
  publisher={Taylor \& Francis}
}

@book{rheingold2007smart,
  title={Smart mobs: {T}he next social revolution},
  author={Rheingold, Howard},
  year={2007},
  publisher={Basic books}
}

@incollection{von2003cybernetics,
	Author = {Von Foerster, Heinz},
	Booktitle = {Understanding {U}nderstanding},
	Pages = {283--286},
	Publisher = {Springer},
	Title = {Cybernetics of cybernetics},
	Year = {2003 [1979]}}


@article{coplien1997pattern,
	Author = {Coplien, James O and Woolf, B},
	Journal = {{C++} report},
	Pages = {51--60},
	Publisher = {{SIGS} Publications, Inc.},
	Title = {A pattern language for writers' workshops},
	Volume = {9},
	Year = {1997}}

@article{harrison1999language,
  title={The {L}anguage of {S}hepherding},
  author={Harrison, Neil B},
  journal={Pattern {L}anguages of {P}rogram {D}esign},
  volume={5},
  pages={507--530},
  year={1999}
}

@book{dweck2006mindset,
  title={Mindset: {T}he new psychology of success},
  author={Dweck, Carol},
  year={2006},
  publisher={Random House}
}

@book{ranciere1991ignorant,
  title={The ignorant schoolmaster: Five lessons in intellectual emancipation},
  author={Ranci{\`e}re, Jacques},
  year={1991 [1987]},
  publisher={Stanford University Press}
}